@inproceedings{riedel13relation,
    author={Sebastian Riedel and Limin Yao and Benjamin M. Marlin and Andrew McCallum}, 
    title={Relation Extraction with Matrix Factorization and Universal Schemas}, 
    month={June}, 
    booktitle={Joint Human Language Technology Conference/Annual Meeting of the North American Chapter of the Association for Computational Linguistics (HLT-NAACL '13)}, 
    year={2013}, 
}

@article{Berant:2012:LER:2122944.2122947,
 author = {Berant, Jonathan and Dagan, Ido and Goldberger, Jacob},
 title = {Learning entailment relations by global graph structure optimization},
 journal = {Comput. Linguist.},
 issue_date = {March 2012},
 volume = {38},
 number = {1},
 month = mar,
 year = {2012},
 issn = {0891-2017},
 pages = {73--111},
 numpages = {39},
 url = {http://dx.doi.org/10.1162/COLI_a_00085},
 doi = {10.1162/COLI_a_00085},
 acmid = {2122947},
 publisher = {MIT Press},
 address = {Cambridge, MA, USA},
} 

@inproceedings{Taskar:2002:DPM:2073876.2073934,
 author = {Taskar, Ben and Abbeel, Pieter and Koller, Daphne},
 title = {Discriminative probabilistic models for relational data},
 booktitle = {Proceedings of the Eighteenth conference on Uncertainty in artificial intelligence},
 series = {UAI'02},
 year = 2002,
 isbn = {1-55860-897-4},
 location = {Alberta, Canada},
 pages = {485--492},
 numpages = 8,
 url = {http://dl.acm.org/citation.cfm?id=2073876.2073934},
 acmid = 2073934,
 publisher = {Morgan Kaufmann Publishers Inc.},
 address = {San Francisco, CA, USA},
} 

@article{Etzioni:2008:OIE:1409360.1409378,
 author = {Etzioni, Oren and Banko, Michele and Soderland, Stephen and Weld, Daniel S.},
 title = {Open information extraction from the web},
 journal = {Commun. ACM},
 issue_date = {December 2008},
 volume = {51},
 number = {12},
 month = dec,
 year = {2008},
 issn = {0001-0782},
 pages = {68--74},
 numpages = {7},
 url = {http://doi.acm.org/10.1145/1409360.1409378},
 doi = {10.1145/1409360.1409378},
 acmid = {1409378},
 publisher = {ACM},
 address = {New York, NY, USA},
} 

@inproceedings{HoffmannZLZW11,
  author    = {Raphael Hoffmann and
               Congle Zhang and
               Xiao Ling and
               Luke S. Zettlemoyer and
               Daniel S. Weld},
  title     = {Knowledge-Based Weak Supervision for Information Extraction
               of Overlapping Relations},
  booktitle = {ACL},
  year      = {2011},
  pages     = {541-550},
  ee        = {http://www.aclweb.org/anthology/P11-1055},
}

@inproceedings{TaskarWAK03,
  author    = {Benjamin Taskar and
               Ming Fai Wong and
               Pieter Abbeel and
               Daphne Koller},
  title     = {Link Prediction in Relational Data},
  booktitle = {NIPS},
  year      = {2003},
  ee        = {http://books.nips.cc/papers/files/nips16/NIPS2003_AP12.pdf},
}

@inproceedings{berant2011global,
 author = {Berant, Jonathan and Dagan, Ido and Goldberger, Jacob},
 title = {Global learning of typed entailment rules},
 booktitle = {Proceedings of the 49th Annual Meeting of the Association for Computational Linguistics: Human Language Technologies - Volume 1},
 series = {HLT '11},
 year = {2011},
 isbn = {978-1-932432-87-9},
 location = {Portland, Oregon},
 pages = {610--619},
 numpages = {10},
 url = {http://dl.acm.org/citation.cfm?id=2002472.2002550},
 acmid = {2002550},
 publisher = {Association for Computational Linguistics},
 address = {Stroudsburg, PA, USA},
}

@book{fellbaum98wordnet,
  added-at = {2007-10-30T23:31:40.000+0100},
  biburl = {http://www.bibsonomy.org/bibtex/2c9addc264aa2b922971d3d6e6c068cae/stumme},
  editor = {Fellbaum, Christiane},
  interhash = {42daa1681607dd1d3f3234c605d84ec3},
  intrahash = {c9addc264aa2b922971d3d6e6c068cae},
  keywords = {WordNet wordnet},
  publisher = {MIT Press},
  timestamp = {2007-10-30T23:31:40.000+0100},
  title = {{WordNet: an electronic lexical database}},
  year = 1998
}

@article(Heckerman1995,
author = "D. Heckerman and D. Geiger and D. M. Chickering",
title = "Learning {Bayesian} networks: the combination of knowledge and data",
journal = "Machine Learning",
volume = 20,
number = 3,
pages ="197-243",
year = 1995)

@article(Friedman:full,
title = "Being {Bayesian} about Network Structure: A {Bayesian} Approach to Structure Discovery in {Bayesian} Networks",
author = "N. Friedman and  D. Koller",
journal = "Machine Learning",
volume =  50,
pages = "95-126",
year =  2003)

@article(Chang,
author = "S. Yang and K-C Chang",
title = "Comparison of score metrics for {Bayesian} network learning",
journal = "IEEE Transactions on Systems, Man and Cybernetics: Part A: Systems and Humans",
volume = 32,
number = 3,
year = 2002,
pages = "419-428")

@inproceedings{DBLP:conf/uai/EatonM07,
  author    = {Daniel Eaton and
               Kevin P. Murphy},
  title     = {Bayesian structure learning using dynamic programming and
               {MCMC},
  booktitle = {UAI},
  year      = {2007},
  pages     = {101-108},
  ee        = {http://uai.sis.pitt.edu/displayArticleDetails.jsp?mmnu=1{\&}smnu=2{\&}article_id=1679{\&}proceeding_id=23},
  crossref  = {DBLP:conf/uai/2007},
  bibsource = {DBLP, http://dblp.uni-trier.de}
}

@article{FK03,
year={2003},
issn={0885-6125},
journal={Machine Learning},
volume={50},
number={1-2},
doi={10.1023/A:1020249912095},
title={Being Bayesian About Network Structure. A Bayesian Approach to Structure Discovery in Bayesian Networks},
url={http://dx.doi.org/10.1023/A%3A1020249912095},
publisher={Kluwer Academic Publishers},
keywords={Bayesian networks; structure learning; MCMC; Bayesian model averaging},
author={Friedman, Nir and Koller, Daphne},
pages={95-125},
language={English}
}

@article(Cooper1,
author = "G. F. Cooper and E. Herskovits",
title = "A {Bayesian} method for the induction of probabilistic networks from data",
journal = "Machine Learning",
volume = 7,
pages = "299-347",
year = 1992)

@article{murphy2001bayes,
  title={The {B}ayes {N}et {T}oolbox for {M}atlab},
  author={Kevin Murphy},
  journal={Computing Science and Statistics},
  volume={33},
  number={2},
  pages={1024--1034},
  year={2001}
}