@inproceedings{riedel13relation,
    author={Sebastian Riedel and Limin Yao and Benjamin M. Marlin and Andrew McCallum}, 
    title={Relation Extraction with Matrix Factorization and Universal Schemas}, 
    month={June}, 
    booktitle={Joint Human Language Technology Conference/Annual Meeting of the North American Chapter of the Association for Computational Linguistics (HLT-NAACL '13)}, 
    year={2013}, 
}

@article{Berant:2012:LER:2122944.2122947,
 author = {Berant, Jonathan and Dagan, Ido and Goldberger, Jacob},
 title = {Learning entailment relations by global graph structure optimization},
 journal = {Comput. Linguist.},
 issue_date = {March 2012},
 volume = {38},
 number = {1},
 month = mar,
 year = {2012},
 issn = {0891-2017},
 pages = {73--111},
 numpages = {39},
 url = {http://dx.doi.org/10.1162/COLI_a_00085},
 doi = {10.1162/COLI_a_00085},
 acmid = {2122947},
 publisher = {MIT Press},
 address = {Cambridge, MA, USA},
} 

@inproceedings{Taskar:2002:DPM:2073876.2073934,
 author = {Taskar, Ben and Abbeel, Pieter and Koller, Daphne},
 title = {Discriminative probabilistic models for relational data},
 booktitle = {Proceedings of the Eighteenth conference on Uncertainty in artificial intelligence},
 series = {UAI'02},
 year = {2002},
 isbn = {1-55860-897-4},
 location = {Alberta, Canada},
 pages = {485--492},
 numpages = {8},
 url = {http://dl.acm.org/citation.cfm?id=2073876.2073934},
 acmid = {2073934},
 publisher = {Morgan Kaufmann Publishers Inc.},
 address = {San Francisco, CA, USA},
} 

@article{Etzioni:2008:OIE:1409360.1409378,
 author = {Etzioni, Oren and Banko, Michele and Soderland, Stephen and Weld, Daniel S.},
 title = {Open information extraction from the web},
 journal = {Commun. ACM},
 issue_date = {December 2008},
 volume = {51},
 number = {12},
 month = dec,
 year = {2008},
 issn = {0001-0782},
 pages = {68--74},
 numpages = {7},
 url = {http://doi.acm.org/10.1145/1409360.1409378},
 doi = {10.1145/1409360.1409378},
 acmid = {1409378},
 publisher = {ACM},
 address = {New York, NY, USA},
} 

@inproceedings{HoffmannZLZW11,
  author    = {Raphael Hoffmann and
               Congle Zhang and
               Xiao Ling and
               Luke S. Zettlemoyer and
               Daniel S. Weld},
  title     = {Knowledge-Based Weak Supervision for Information Extraction
               of Overlapping Relations},
  booktitle = {ACL},
  year      = {2011},
  pages     = {541-550},
  ee        = {http://www.aclweb.org/anthology/P11-1055},
  crossref  = {DBLP:conf/acl/2011},
  bibsource = {DBLP, http://dblp.uni-trier.de}
}

@inproceedings{TaskarWAK03,
  author    = {Benjamin Taskar and
               Ming Fai Wong and
               Pieter Abbeel and
               Daphne Koller},
  title     = {Link Prediction in Relational Data},
  booktitle = {NIPS},
  year      = {2003},
  ee        = {http://books.nips.cc/papers/files/nips16/NIPS2003_AP12.pdf},
  crossref  = {DBLP:conf/nips/2003},
  bibsource = {DBLP, http://dblp.uni-trier.de}
}

